@book{axler,
  address = {New York},
  author = {Axler, Sheldon Jay},
  isbn = {0387982582},
  publisher = {Springer},
  series = {Undergraduate Texts in Mathematics},
  title = {Linear Algebra Done Right},
  url = {http://linear.axler.net/},
  year = 1997
}