@unpublished{zapiski,
  author =    {Sašo Strle},
  title =        {Analiza 1 za študente Finančne matematike},
  note =    {zapiski predavanj},
  year =         2020}

@ONLINE{slika,
    author = "OpenProf",
    title  = "Uporaba odvoda",
    year   = "2021",
    url    = "https://si.openprof.com/wb/uporaba_odvoda?ch=179"
}
